% From lit-01-hedging-ai.txt
@article{zhang2019labor,
  author = {Zhang, Miao Ben},
  title = {Labor-Technology Substitution: Implications for Asset Pricing},
  journal = {Journal of Finance},
  year = {2019},
  volume = {74},
  number = {4},
  pages = {1793-1839}
}

@article{knesl2023automation,
  author = {Knesl, Jiří},
  title = {Automation and the Displacement of Labor by Capital: Asset Pricing Theory and Empirical Evidence},
  journal = {Journal of Financial Economics},
  year = {2023},
  volume = {147},
  number = {2},
  pages = {271-296}
}

@article{gomes2024robots,
  author = {Gomes, Francisco and Jansson, Thomas and Karabulut, Yigitcan},
  title = {Do Robots Increase Wealth Dispersion?},
  journal = {The Review of Financial Studies},
  year = {2024}
}

@article{bates2025workplace,
  author = {Bates, Thomas W. and Du, Fangfang and Wang, Jessie Jiaxu},
  title = {Workplace Automation and Corporate Liquidity Policy},
  journal = {Management Science},
  year = {2025},
  note = {forthcoming; published online}
}

@article{acemoglu2020robots,
  author = {Acemoglu, Daron and Restrepo, Pascual},
  title = {Robots and Jobs: Evidence from US Labor Markets},
  journal = {Journal of Political Economy},
  year = {2020}
}

@article{karabarbounis2014global,
  author = {Karabarbounis, Loukas and Neiman, Brent},
  title = {The Global Decline of the Labor Share},
  journal = {Quarterly Journal of Economics},
  year = {2014}
}


% From lit-02-hedging-labor.txt
@article{cocco2005consumption,
  author = {Cocco, Jo{\~a}o F. and Gomes, Francisco J. and Maenhout, Pascal J.},
  title = {Consumption and Portfolio Choice over the Life Cycle},
  journal = {Review of Financial Studies},
  year = {2005},
  volume = {18},
  number = {2},
  pages = {491--533}
}

@article{santos2006labor,
  author = {Santos, Tano and Veronesi, Pietro},
  title = {Labor Income and Predictable Stock Returns},
  journal = {Review of Financial Studies},
  year = {2006},
  volume = {19},
  pages = {1--44}
}

@article{benzoni2007portfolio,
  author = {Benzoni, Luca and Collin-Dufresne, Pierre and Goldstein, Robert S.},
  title = {Portfolio Choice over the Life-Cycle when the Stock and Labor Markets Are Cointegrated},
  journal = {Journal of Finance},
  year = {2007},
  volume = {62},
  number = {5},
  pages = {2123--2167}
}

@article{shen2024countercyclical,
  author = {Shen, Jialu},
  title = {Countercyclical Risks, Consumption, and Portfolio Choice: Theory and Evidence},
  journal = {Management Science},
  year = {2024},
  volume = {70},
  number = {5},
  pages = {2862--2881}
}

@article{heaton2000portfolio,
  author = {Heaton, John and Lucas, Deborah},
  title = {Portfolio Choice and Asset Prices: The Importance of Entrepreneurial Risk},
  journal = {Journal of Finance},
  year = {2000},
  volume = {55},
  number = {3},
  pages = {1163--1198}
}

@article{massa2006hedging,
  author = {Massa, Massimo and Simonov, Andrei},
  title = {Hedging, Familiarity and Portfolio Choice},
  journal = {Review of Financial Studies},
  year = {2006},
  volume = {19},
  pages = {633--685}
}

@article{angerer2009income,
  author = {Angerer, Xiaohong and Lam, Pok-Sang},
  title = {Income Risk and Portfolio Choice: An Empirical Study},
  journal = {Journal of Finance},
  year = {2009},
  volume = {64},
  number = {2},
  pages = {1037--1055}
}

@article{betermier2012hedging,
  author = {Betermier, Sebastien and Jansson, Thomas and Parlour, Christine and Walden, Johan},
  title = {Hedging Labor Income Risk},
  journal = {Journal of Financial Economics},
  year = {2012},
  volume = {105},
  number = {3},
  pages = {622--639}
}

@article{gomez2016labor,
  author = {G{\'o}mez, Juan-Pedro and Priestley, Richard and Zapatero, Fernando},
  title = {Labor Income, Relative Wealth Concerns, and the Cross Section of Stock Returns},
  journal = {Journal of Financial and Quantitative Analysis},
  year = {2016},
  volume = {51},
  number = {4},
  pages = {1111--1133}
}

@article{bena2021entrepreneurs,
  author = {Bena, Jan and Ellul, Andrew and Pagano, Marco and Rutigliano, Valentina},
  title = {Entrepreneurs' Diversification and Labor Income Risk},
  journal = {Management Science},
  year = {2021},
  volume = {67},
  number = {9},
  pages = {5461--5959}
}


% From lit-03-disaster-risk.txt
@article{rietz1988equity,
  title={The Equity Risk Premium: A Solution?},
  author={Rietz, Thomas},
  journal={Journal of Monetary Economics},
  year={1988},
  volume={},
  pages={},
  doi={}
}

@article{barro2006rare,
  title={Rare Disasters and Asset Markets in the Twentieth Century},
  author={Barro, Robert J.},
  journal={Quarterly Journal of Economics},
  year={2006},
  volume={},
  pages={},
  doi={}
}

@article{gabaix2012variable,
  title={Variable Rare Disasters: An Exactly Solved Framework for Ten Puzzles in Macro-Finance},
  author={Gabaix, Xavier},
  journal={Quarterly Journal of Economics},
  year={2012},
  volume={127},
  number={2},
  pages={645--700},
  doi={}
}

@article{gourio2012disaster,
  title={Disaster Risk and Business Cycles},
  author={Gourio, Fran\c{c}ois},
  journal={American Economic Review},
  year={2012},
  volume={102},
  number={6},
  pages={2734--},
  doi={10.1257/aer.102.6.2734}
}

@article{wachter2013can,
  title={Can Time-Varying Risk of Rare Disasters Explain Aggregate Stock Market Volatility?},
  author={Wachter, Jessica A.},
  journal={Journal of Finance},
  year={2013},
  volume={},
  pages={},
  doi={}
}

@article{backus2011disasters,
  title={Disasters Implied by Equity Index Options},
  author={Backus, David and Chernov, Mikhail and Martin, Ian},
  journal={Journal of Finance},
  year={2011},
  volume={},
  pages={},
  doi={}
}

@article{berkman2011time,
  title={Time-Varying Rare Disaster Risk and Stock Returns},
  author={Berkman, Henk and Jacobsen, Ben and Lee, John},
  journal={Journal of Financial Economics},
  year={2011},
  volume={101},
  number={2},
  pages={313--332},
  doi={}
}

@article{kelly2014tail,
  title={Tail Risk and Asset Prices},
  author={Kelly, Bryan and Jiang, Hao},
  journal={Review of Financial Studies},
  year={2014},
  volume={},
  pages={},
  doi={}
}

@article{chabiyoruenziweigert2018crash,
  title={Crash Sensitivity and the Cross-Section of Expected Stock Returns},
  author={Chabi-Yo, Fousseni and Ruenzi, Stefan and Weigert, Florian},
  journal={Journal of Financial and Quantitative Analysis},
  year={2018},
  volume={},
  pages={},
  doi={}
}

@article{nakamura2013crises,
  title={Crises and Recoveries in an Empirical Model of Consumption Disasters},
  author={Nakamura, Emi and Steinsson, J{\'o}n and Barro, Robert and Urs{\'u}a, Jos{\'e}},
  journal={American Economic Journal: Macroeconomics},
  year={2013},
  volume={5},
  number={3},
  pages={35--},
  doi={10.1257/mac.5.3.35}
}

@article{barro2021rare,
  title={Rare Disaster Probability and Options Pricing},
  author={Barro, Robert J. and Liao, Gordon Y.},
  journal={Journal of Financial Economics},
  year={2021},
  volume={139},
  number={3},
  pages={750--769},
  doi={}
}

@article{rebelo2022rare,
  title={Rare Disasters, Financial Development, and Sovereign Debt},
  author={Rebelo, Sergio and Wang, Neng and Yang, Jinqiang},
  journal={Journal of Finance},
  year={2022},
  volume={},
  pages={},
  doi={}
}

@article{chen2022global,
  title={Global Disaster Risk Matters},
  author={Chen, Jian and Yao, Jiaquan and Zhang, Qunzi and Zhu, Xiaoneng},
  journal={Management Science},
  year={2022},
  volume={},
  pages={},
  doi={}
}


% From lit-04-investing-ai.txt
@article{babina2024artificial,
  author = {Babina, Tania and Fedyk, Anastassia and He, Alex and Hodson, James},
  title = {Artificial intelligence, firm growth, and product innovation},
  journal = {Journal of Financial Economics},
  year = {2024},
  volume = {151},
  pages = {Article 103745},
  doi = {}
}

@article{cao2024from,
  author = {Cao, Sean and Jiang, Wei and Wang, Junbo and Yang, Baozhong},
  title = {From Man vs. Machine to Man + Machine: The art and AI of stock analyses},
  journal = {Journal of Financial Economics},
  year = {2024},
  volume = {160},
  pages = {Article 103910},
  doi = {10.1016/j.jfineco.2024.103910}
}

@article{gofman2024artificial,
  author = {Gofman, Michael and Jin, Zhao},
  title = {Artificial Intelligence, Education, and Entrepreneurship},
  journal = {Journal of Finance},
  year = {2024},
  volume = {79},
  number = {1},
  pages = {631--667},
  doi = {}
}

@article{vanbinsbergen2023man,
  author = {van Binsbergen, Jules H. and Han, Xiao and Lopez-Lira, Alejandro},
  title = {Man versus Machine Learning: The Term Structure of Earnings Expectations and Conditional Biases},
  journal = {Review of Financial Studies},
  year = {2023},
  volume = {36},
  number = {6},
  pages = {2361--2396},
  doi = {}
}

@article{gu2020empirical,
  author = {Gu, Shihao and Kelly, Bryan and Xiu, Dacheng},
  title = {Empirical Asset Pricing via Machine Learning},
  journal = {Review of Financial Studies},
  year = {2020},
  volume = {33},
  number = {5},
  pages = {2223--2273},
  doi = {}
}

@article{mclemore2022active,
  author = {McLemore, Ping and Sias, Richard and Wan, Chi and Yüksel, H. Zafer},
  title = {Active Technological Similarity and Mutual Fund Performance},
  journal = {Journal of Financial and Quantitative Analysis},
  year = {2022},
  volume = {57},
  number = {5},
  pages = {1862--1884},
  doi = {}
}

@article{ofek2003dotcom,
  author = {Ofek, Eli and Richardson, Matthew},
  title = {DotCom Mania: The Rise and Fall of Internet Stock Prices},
  journal = {Journal of Finance},
  year = {2003},
  volume = {58},
  number = {3},
  pages = {1113--1137},
  doi = {}
}

@article{hong2006asset,
  author = {Hong, Harrison and Scheinkman, José and Xiong, Wei},
  title = {Asset Float and Speculative Bubbles},
  journal = {Journal of Finance},
  year = {2006},
  volume = {61},
  number = {3},
  pages = {1073--1117},
  doi = {}
}

@article{greenwood2009inexperienced,
  author = {Greenwood, Robin and Nagel, Stefan},
  title = {Inexperienced Investors and Bubbles},
  journal = {Journal of Financial Economics},
  year = {2009},
  volume = {93},
  number = {2},
  pages = {239--258},
  doi = {}
}

@article{griffin2011who,
  author = {Griffin, John M. and Harris, Jeffrey H. and Shu, Tao and Topaloglu, Selim},
  title = {Who Drove and Burst the Tech Bubble?},
  journal = {Journal of Finance},
  year = {2011},
  volume = {66},
  number = {4},
  pages = {1251--1290},
  doi = {10.1111/j.1540-6261.2011.01663.x}
}


% From lit-05-arc-agi.txt
@article{chollet2024arc,
  author = {Chollet, François and Knoop, Mike and Kamradt, Gregory and Landers, Bryan},
  title = {ARC Prize 2024: Technical Report},
  journal = {arXiv preprint},
  year = {2024}
}

@article{atreides2024solving,
  author = {Atreides, Kyrtin and Kelley, David J.},
  title = {Solving the Abstraction and Reasoning Corpus for Artificial General Intelligence (ARC-AGI) AI Benchmark with ICOM},
  journal = {ResearchGate preprint},
  year = {2024}
}

@article{pfister2025understanding,
  author = {Pfister, Rolf and Jud, Hansueli},
  title = {Understanding and Benchmarking Artificial Intelligence: OpenAI's o3 Is Not AGI},
  journal = {arXiv preprint},
  year = {2025}
}

@article{andrews2024capturing,
  author = {Andrews, Martin},
  title = {Capturing Sparks of Abstraction for the ARC Challenge},
  journal = {arXiv preprint},
  year = {2024}
}


% From lit-06-tech-singularity.txt
@article{vinge1993coming,
  author = {Vinge, Vernor},
  title = {The Coming Technological Singularity},
  journal = {Department of Mathematical Sciences, San Diego State University},
  year = {1993}
}

@article{good1965speculations,
  author = {Good, I.J.},
  title = {Speculations Concerning the First Ultraintelligent Machine},
  journal = {Advances in Computers},
  year = {1965}
}

@article{chalmers2010singularity,
  author = {Chalmers, David J.},
  title = {The Singularity: A Philosophical Analysis},
  journal = {Journal of Consciousness Studies},
  year = {2010}
}

@article{bostrom2005history,
  author = {Bostrom, Nick},
  title = {A History of Transhumanist Thought},
  journal = {Journal of Evolution and Technology},
  year = {2005}
}

@incollection{chalmers2009singularity,
  author = {Chalmers, David J.},
  title = {The Singularity},
  booktitle = {Science Fiction and Philosophy: From Time Travel to Superintelligence},
  editor = {Schneider, Susan},
  year = {2009}
}

@article{bostrom2009future,
  author = {Bostrom, Nick},
  title = {The Future of Humanity},
  year = {2009}
}

@book{kurzweil2005singularity,
  author = {Kurzweil, Ray},
  title = {The Singularity Is Near: When Humans Transcend Biology},
  publisher = {Viking Press},
  year = {2005}
}

@book{kurzweil2024singularity,
  author = {Kurzweil, Ray},
  title = {The Singularity Is Nearer: When We Merge with AI},
  publisher = {Viking Press},
  year = {2024}
}

@book{kurzweil1999age,
  author = {Kurzweil, Ray},
  title = {The Age of Spiritual Machines},
  publisher = {Viking Press},
  year = {1999}
}

@book{bostrom2014superintelligence,
  author = {Bostrom, Nick},
  title = {Superintelligence: Paths, Dangers, Strategies},
  publisher = {Oxford University Press},
  year = {2014}
}

@book{shanahan2015technological,
  author = {Shanahan, Murray},
  title = {The Technological Singularity},
  publisher = {MIT Press},
  year = {2015}
}

@book{barrat2013our,
  author = {Barrat, James},
  title = {Our Final Invention},
  publisher = {St. Martin's Press},
  year = {2013}
}

@techreport{korinek2024scenarios,
  author = {Korinek, Anton and Suh, Donghyun},
  title = {Scenarios for the Transition to AGI},
  institution = {NBER Working Paper},
  year = {2024}
}

@article{trammell2023economic,
  author = {Trammell, Philip and Korinek, Anton},
  title = {Economic Growth under Transformative AI},
  journal = {Annual Review of Economics},
  year = {2023}
}

@incollection{korinek2018artificial,
  author = {Korinek, Anton and Stiglitz, Joseph},
  title = {Artificial Intelligence and Its Implications for Income Distribution and Unemployment},
  booktitle = {The Economics of Artificial Intelligence: An Agenda},
  publisher = {NBER},
  year = {2018}
}

@unpublished{korinek2019rise,
  author = {Korinek, Anton},
  title = {The Rise of Artificially Intelligent Agents},
  note = {Working Paper},
  year = {2019}
}

@incollection{aghion2018artificial,
  author = {Aghion, Philippe and Jones, Benjamin F. and Jones, Charles I.},
  title = {Artificial Intelligence and Economic Growth},
  booktitle = {The Economics of Artificial Intelligence: An Agenda},
  publisher = {NBER},
  year = {2018}
}

@incollection{korinek2025economic,
  author = {Korinek, Anton},
  title = {Economic Policy Challenges for the Age of AI},
  booktitle = {Rethinking Economic Policy: Steering Structural Change},
  publisher = {MIT Press},
  year = {2025},
  note = {forthcoming}
}

@article{korinek2023scenario,
  author = {Korinek, Anton},
  title = {Scenario Planning for an A(G)I Future},
  journal = {IMF Finance \& Development Magazine},
  year = {2023}
}

@book{vinge2006rainbows,
  author = {Vinge, Vernor},
  title = {Rainbows End},
  publisher = {Tor Books},
  year = {2006}
}

@book{stross2005accelerando,
  author = {Stross, Charles},
  title = {Accelerando},
  publisher = {Ace Books},
  year = {2005}
}

@misc{yudkowsky1996staring,
  author = {Yudkowsky, Eliezer},
  title = {Staring at the Singularity},
  howpublished = {Online essay},
  year = {1996}
}

@article{joy2000why,
  author = {Joy, Bill},
  title = {Why The Future Doesn't Need Us},
  journal = {Wired},
  year = {2000}
}

@book{more2013transhumanist,
  author = {More, Max and Vita-More, Natasha},
  title = {The Transhumanist Reader},
  publisher = {Wiley-Blackwell},
  year = {2013},
  note = {Editors}
}

@book{schneider2009science,
  author = {Schneider, Susan},
  title = {Science Fiction and Philosophy: From Time Travel to Superintelligence},
  publisher = {Wiley-Blackwell},
  year = {2009},
  note = {Editor}
}

@article{thorstad2024against,
  author = {Thorstad, David},
  title = {Against the Singularity Hypothesis},
  journal = {Philosophical Studies},
  year = {2024}
}

@phdthesis{unknown2024technological,
  author = {Unknown},
  title = {The Technological Singularity: An Ideological Critique},
  school = {University of Arkansas},
  year = {2024}
}

@article{goertzel2008human,
  author = {Goertzel, Ben},
  title = {Human-level artificial general intelligence and the possibility of a technological singularity: A reaction to Ray Kurzweil's The Singularity Is Near, and McDermott's critique of Kurzweil},
  journal = {ScienceDirect},
  year = {2008}
}


% From lit-07-lucas-trees.txt
@article{cochrane2008two,
  author = {Cochrane, John H. and Longstaff, Francis A. and Santa-Clara, Pedro},
  title = {Two Trees},
  journal = {Review of Financial Studies},
  publisher = {Oxford University Press},
  year = {2008}
}

@article{martin2013lucas,
  author = {Martin, Ian},
  title = {The Lucas Orchard},
  journal = {Econometrica},
  publisher = {The Econometric Society},
  year = {2013}
}

@article{santos2006labor,
  author = {Santos, Tano and Veronesi, Pietro},
  title = {Labor Income and Predictable Stock Returns},
  journal = {Review of Financial Studies},
  publisher = {Oxford University Press},
  year = {2006}
}

@article{brandt2006consumption,
  author = {Brandt, Michael and Graham, John and Gomes, Andrey},
  title = {Consumption-Based Asset Pricing with Higher Cumulants},
  journal = {Review of Financial Studies},
  publisher = {Oxford University Press},
  year = {2006}
}

@article{pavlova2007asset,
  author = {Pavlova, Anna and Rigobon, Roberto},
  title = {Asset Prices and Exchange Rates},
  journal = {Review of Financial Studies},
  publisher = {Oxford University Press},
  year = {2007}
}

@article{ehling2015complete,
  author = {Ehling, Paul and Heyerdahl-Larsen, Christian},
  title = {Complete and Incomplete Financial Markets in Multi-Good Economies},
  journal = {Journal of Economic Theory},
  publisher = {Elsevier},
  year = {2015}
}

@article{menzly2004understanding,
  author = {Menzly, Lior and Santos, Tano and Veronesi, Pietro},
  title = {Understanding Predictability},
  journal = {Journal of Political Economy},
  publisher = {University of Chicago Press},
  year = {2004}
}

@article{longstaff2004corporate,
  author = {Longstaff, Francis and Piazzesi, Monika},
  title = {Corporate Earnings and the Equity Premium},
  journal = {Journal of Financial Economics},
  publisher = {Elsevier},
  year = {2004}
}


% From lit-08-investing-ai-part2.txt
@article{babina2023artificial,
  author = {Babina, Tania and Fedyk, Anastassia and He, Alex Xi and Hodson, James},
  title = {Artificial Intelligence and Firms' Systematic Risk},
  journal = {SSRN Working Paper},
  year = {2023},
  month = {November},
  publisher = {SSRN}
}

@article{danielsson2022artificial,
  author = {Danielsson, Jon and Macrae, Robert and Uthemann, Andreas},
  title = {Artificial Intelligence and Systemic Risk},
  journal = {Journal of Banking and Finance},
  year = {2022},
  publisher = {Elsevier}
}

@article{babina2023artificial2,
  author = {Babina, Tania and Fedyk, Anastassia and He, Alex Xi and Hodson, James},
  title = {Artificial Intelligence, Firm Growth, and Product Innovation},
  journal = {Journal of Financial Economics},
  year = {2023},
  publisher = {Elsevier}
}

@article{milovanovic2021ai,
  author = {Milovanovic, Daliborka},
  title = {AI Ethics and Systemic Risks in Finance},
  journal = {Ethics in Science and Environmental Politics},
  year = {2021},
  publisher = {NCBI/PubMed}
}

@article{yang2024artificial,
  author = {Yang, Runfeng and Mao, Yufeng and Caporin, Massimiliano and Jiménez-Martin, Juan-Angel},
  title = {The Artificial Intelligence Premium},
  journal = {SSRN Working Paper},
  year = {2024},
  publisher = {SSRN}
}

@article{unknown2021an,
  title = {An Artificial Intelligence Approach to Regulating Systemic Risk},
  journal = {Frontiers in Artificial Intelligence},
  year = {2021},
  publisher = {PMC/NIH}
}

@article{gu2020empirical,
  author = {Gu, Shihao and Kelly, Bryan and Xiu, Dacheng},
  title = {Empirical Asset Pricing via Machine Learning},
  journal = {Review of Financial Studies},
  year = {2020},
  publisher = {Oxford Academic}
}

@article{unknown2023artificial,
  title = {Artificial Intelligence in Finance: Valuations and Opportunities},
  journal = {Journal of Multinational Financial Management},
  year = {2023},
  publisher = {ScienceDirect}
}

@article{mollick2024four,
  author = {Mollick, Ethan},
  title = {Four Singularities for Research},
  journal = {One Useful Thing Newsletter},
  year = {2024},
  publisher = {Substack}
}

@article{unknown2023unveiling,
  title = {Unveiling the Influence of Artificial Intelligence and Machine Learning on Financial Markets},
  journal = {Risks},
  year = {2023},
  publisher = {MDPI}
}


% From lit-09-reasoning-models.txt
@article{wu2024comparative,
  author = {Wu, Siwei and others},
  title = {A Comparative Study on Reasoning Patterns of OpenAI's o1 Model},
  journal = {arXiv},
  year = {2024},
  month = {October},
  url = {https://arxiv.org/abs/2410.13639}
}

@article{zhong2024evaluation,
  author = {Zhong, Tianyang and others},
  title = {Evaluation of OpenAI o1: Opportunities and Challenges of AGI},
  journal = {arXiv},
  year = {2024},
  month = {September},
  url = {https://arxiv.org/abs/2409.18486}
}

@article{wang2024planning,
  author = {Wang, Kevin and others},
  title = {On The Planning Abilities of OpenAI's o1 Models},
  journal = {arXiv},
  year = {2024},
  month = {September},
  url = {https://arxiv.org/abs/2409.19924}
}

@article{li2024openai,
  author = {Li, Leo and others},
  title = {OpenAI-o1 AB Testing: Does the o1 model really do good reasoning in math problem solving?},
  journal = {arXiv},
  year = {2024},
  month = {November},
  url = {https://arxiv.org/abs/2411.06198}
}

@article{zhao2024marco,
  author = {Zhao, Yu and others},
  title = {Marco-o1: Towards Open Reasoning Models for Open-Ended Solutions},
  journal = {arXiv},
  year = {2024},
  month = {November},
  url = {https://arxiv.org/abs/2411.14405}
}

@article{deepseek2025deepseek,
  author = {DeepSeek-AI and others},
  title = {DeepSeek-R1: Incentivizing Reasoning Capability in LLMs via Reinforcement Learning},
  journal = {arXiv},
  year = {2025},
  month = {January},
  url = {https://arxiv.org/abs/2501.12948}
}

@article{mercer2025brief,
  author = {Mercer, Sarah and others},
  title = {Brief analysis of DeepSeek R1 and its implications for Generative AI},
  journal = {arXiv},
  year = {2025},
  month = {February},
  url = {https://arxiv.org/abs/2502.02523}
}

@misc{interconnects2025deepseek,
  author = {Interconnects.ai},
  title = {DeepSeek R1's recipe to replicate o1 and the future of reasoning LMs},
  howpublished = {Interconnects.ai (Blog)},
  year = {2025},
  month = {January},
  url = {https://www.interconnects.ai/p/deepseek-r1-recipe-for-o1}
}

@misc{anthropic2025claude,
  author = {Anthropic},
  title = {Claude 3.7 Sonnet},
  howpublished = {Anthropic, Wikipedia},
  year = {2025},
  month = {February},
  url = {https://www.anthropic.com/claude}
}

@techreport{anthropic2025tracing,
  author = {Anthropic Research},
  title = {Tracing the thoughts of a large language model},
  institution = {Anthropic Research},
  year = {2025},
  month = {March},
  url = {https://www.anthropic.com/research/tracing-thoughts-language-model}
}

@techreport{anthropic2025think,
  author = {Anthropic},
  title = {The "think" tool: Enabling Claude to stop and think},
  institution = {Anthropic Engineering},
  year = {2025},
  url = {https://www.anthropic.com/engineering/claude-think-tool}
}

@misc{google2025gemini,
  author = {Google DeepMind},
  title = {Gemini 2.5: Our newest Gemini model with thinking},
  howpublished = {Google Blog},
  year = {2025},
  month = {March},
  url = {https://blog.google/technology/google-deepmind/gemini-model-thinking-updates-march-2025/}
}

@article{zeff2025google,
  author = {Zeff, Maxwell},
  title = {Google unveils a next-gen family of AI reasoning models},
  journal = {TechCrunch},
  year = {2025},
  month = {March},
  url = {https://techcrunch.com/2025/03/25/google-unveils-a-next-gen-ai-reasoning-model/}
}

@misc{google2024gemini,
  author = {Google DeepMind},
  title = {Gemini 2.0 Flash Thinking Experimental},
  howpublished = {TechCrunch},
  year = {2024},
  month = {December},
  url = {https://techcrunch.com/2024/12/19/google-releases-its-own-reasoning-ai-model/}
}

@misc{google2024gemini,
  author = {Google},
  title = {Gemini Deep Research},
  howpublished = {Google Gemini},
  year = {2024},
  month = {December},
  url = {https://gemini.google/overview/deep-research/}
}


% From lit-10-AI-catastrophic-risk.txt
@article{bengio2024managing,
  author = {Bengio, Yoshua and Hinton, Geoffrey and Yao, Andrew and Song, Dawn and Abbeel, Pieter and others},
  title = {Managing extreme AI risks amid rapid progress},
  journal = {Science},
  volume = {384},
  number = {6698},
  year = {2024},
  publisher = {American Association for the Advancement of Science},
  url = {https://arxiv.org/abs/2310.17688}
}

@book{bostrom2014superintelligence,
  author = {Bostrom, Nick},
  title = {Superintelligence: Paths, Dangers, Strategies},
  publisher = {Oxford University Press},
  year = {2014}
}

@book{russell2019human,
  author = {Russell, Stuart},
  title = {Human Compatible: Artificial Intelligence and the Problem of Control},
  publisher = {Viking Press},
  year = {2019}
}

@article{jones2024ai,
  author = {Jones, Charles I.},
  title = {The AI Dilemma: Growth versus Existential Risk},
  publisher = {Stanford University},
  year = {2024},
  url = {https://web.stanford.edu/~chadj/existentialrisk.pdf}
}

@article{bengio2024ai,
  author = {Bengio, Yoshua},
  title = {AI and Catastrophic Risk},
  journal = {Journal of Democracy},
  year = {2024}
}

@misc{bengio2023faq,
  author = {Bengio, Yoshua},
  title = {FAQ on Catastrophic AI Risks},
  year = {2023},
  url = {https://yoshuabengio.org/2023/06/24/faq-on-catastrophic-ai-risks/}
}

@misc{wikipedia2024existential,
  title = {Existential Risk from Artificial Intelligence},
  year = {2024},
  url = {https://en.wikipedia.org/wiki/Existential_risk_from_artificial_general_intelligence}
}

@misc{cais2023statement,
  author = {{Center for AI Safety}},
  title = {Statement on AI Risk},
  year = {2023},
  url = {https://www.safe.ai/work/statement-on-ai-risk}
}

@misc{bengio2023personal,
  author = {Bengio, Yoshua},
  title = {Personal and Psychological Dimensions of AI Researchers Confronting AI Catastrophic Risks},
  year = {2023},
  url = {https://yoshuabengio.org/2023/08/12/personal-and-psychological-dimensions-of-ai-researchers-confronting-ai-catastrophic-risks/}
}

@article{bostrom2011infinite,
  author = {Bostrom, Nick},
  title = {Infinite Ethics},
  journal = {Analysis and Metaphysics},
  volume = {10},
  year = {2011}
}

@article{bostrom2012superintelligent,
  author = {Bostrom, Nick},
  title = {The Superintelligent Will: Motivation and Instrumental Rationality in Advanced Artificial Agents},
  journal = {Minds and Machines},
  volume = {22},
  number = {2},
  year = {2012},
  doi = {10.1007/s11023-012-9281-3}
}

@article{bostrom2013existential,
  author = {Bostrom, Nick},
  title = {Existential Risk Reduction as Global Priority},
  journal = {Global Policy},
  volume = {4},
  number = {3},
  year = {2013},
  doi = {10.1111/1758-5899.12002}
}
