% From lit-01-hedging-ai.txt
@article{zhang2019labor,
  author = {Zhang, Miao Ben},
  title = {Labor-Technology Substitution: Implications for Asset Pricing},
  journal = {Journal of Finance},
  year = {2019},
  volume = {74},
  number = {4},
  pages = {1793--1839}
}

@article{knesl2023automation,
  author = {Knesl, Ji{\v{r}}{\'\i}},
  title = {Automation and the Displacement of Labor by Capital: Asset Pricing Theory and Empirical Evidence},
  journal = {Journal of Financial Economics},
  year = {2023},
  volume = {147},
  number = {2},
  pages = {271--296}
}

@article{gomes2024robots,
  author = {Gomes, Francisco and Jansson, Thomas and Karabulut, Yigitcan},
  title = {Do Robots Increase Wealth Dispersion?},
  journal = {The Review of Financial Studies},
  year = {2024}
}

@article{bates2025workplace,
  author = {Bates, Thomas W. and Du, Fangfang and Wang, Jessie Jiaxu},
  title = {Workplace Automation and Corporate Liquidity Policy},
  journal = {Management Science},
  year = {2025},
  note = {forthcoming}
}

@article{acemoglu2020robots,
  author = {Acemoglu, Daron and Restrepo, Pascual},
  title = {Robots and Jobs: Evidence from US Labor Markets},
  journal = {Journal of Political Economy},
  year = {2020}
}

@article{karabarbounis2014global,
  author = {Karabarbounis, Loukas and Neiman, Brent},
  title = {The Global Decline of the Labor Share},
  journal = {Quarterly Journal of Economics},
  year = {2014}
}


% From lit-02-hedging-labor.txt
@article{cocco2005consumption,
  author = {Cocco, Jo{\~a}o F. and Gomes, Francisco J. and Maenhout, Pascal J.},
  title = {Consumption and Portfolio Choice over the Life Cycle},
  journal = {Review of Financial Studies},
  year = {2005},
  volume = {18},
  number = {2},
  pages = {491--533}
}

@article{santos2006labor,
  author = {Santos, Tano and Veronesi, Pietro},
  title = {Labor Income and Predictable Stock Returns},
  journal = {Review of Financial Studies},
  year = {2006},
  volume = {19},
  pages = {1--44}
}

@article{benzoni2007portfolio,
  author = {Benzoni, Luca and Collin-Dufresne, Pierre and Goldstein, Robert S.},
  title = {Portfolio Choice over the Life-Cycle when the Stock and Labor Markets Are Cointegrated},
  journal = {Journal of Finance},
  year = {2007},
  volume = {62},
  number = {5},
  pages = {2123--2167}
}

@article{shen2024countercyclical,
  author = {Shen, Jialu},
  title = {Countercyclical Risks, Consumption, and Portfolio Choice: Theory and Evidence},
  journal = {Management Science},
  year = {2024},
  volume = {70},
  number = {5},
  pages = {2862--2881}
}

@article{heaton2000portfolio,
  author = {Heaton, John and Lucas, Deborah},
  title = {Portfolio Choice and Asset Prices: The Importance of Entrepreneurial Risk},
  journal = {Journal of Finance},
  year = {2000},
  volume = {55},
  number = {3},
  pages = {1163--1198}
}

@article{massa2006hedging,
  author = {Massa, Massimo and Simonov, Andrei},
  title = {Hedging, Familiarity and Portfolio Choice},
  journal = {Review of Financial Studies},
  year = {2006},
  volume = {19},
  pages = {633--685}
}

@article{angerer2009income,
  author = {Angerer, Xiaohong and Lam, Pok-Sang},
  title = {Income Risk and Portfolio Choice: An Empirical Study},
  journal = {Journal of Finance},
  year = {2009},
  volume = {64},
  number = {2},
  pages = {1037--1055}
}

@article{betermier2012hedging,
  author = {Betermier, Sebastien and Jansson, Thomas and Parlour, Christine and Walden, Johan},
  title = {Hedging Labor Income Risk},
  journal = {Journal of Financial Economics},
  year = {2012},
  volume = {105},
  number = {3},
  pages = {622--639}
}

@article{gomez2016labor,
  author = {G{\'o}mez, Juan-Pedro and Priestley, Richard and Zapatero, Fernando},
  title = {Labor Income, Relative Wealth Concerns, and the Cross Section of Stock Returns},
  journal = {Journal of Financial and Quantitative Analysis},
  year = {2016},
  volume = {51},
  number = {4},
  pages = {1111--1133}
}

@article{bena2021entrepreneurs,
  author = {Bena, Jan and Ellul, Andrew and Pagano, Marco and Rutigliano, Valentina},
  title = {Entrepreneurs' Diversification and Labor Income Risk},
  journal = {Management Science},
  year = {2021},
  volume = {67},
  pages = {4133--4152}
}


% From lit-03-disaster-risk.txt
@article{rietz1988equity,
  title={The Equity Risk Premium: A Solution?},
  author={Rietz, Thomas},
  journal={Journal of Monetary Economics},
  year={1988},
  volume={},
  pages={},
  doi={}
}

@article{barro2006rare,
  title={Rare Disasters and Asset Markets in the Twentieth Century},
  author={Barro, Robert J.},
  journal={Quarterly Journal of Economics},
  year={2006},
  volume={},
  pages={},
  doi={}
}

@article{gabaix2012variable,
  title={Variable Rare Disasters: An Exactly Solved Framework for Ten Puzzles in Macro-Finance},
  author={Gabaix, Xavier},
  journal={Quarterly Journal of Economics},
  year={2012},
  volume={127},
  number={2},
  pages={645--700},
  doi={}
}

@article{gourio2012disaster,
  title={Disaster Risk and Business Cycles},
  author={Gourio, Fran\c{c}ois},
  journal={American Economic Review},
  year={2012},
  volume={102},
  number={6},
  pages={2734--2766},
  doi={10.1257/aer.102.6.2734}
}

@article{wachter2013can,
  title={Can Time-Varying Risk of Rare Disasters Explain Aggregate Stock Market Volatility?},
  author={Wachter, Jessica A.},
  journal={Journal of Finance},
  year={2013},
  volume={},
  pages={},
  doi={}
}

@article{backus2011disasters,
  title={Disasters Implied by Equity Index Options},
  author={Backus, David and Chernov, Mikhail and Martin, Ian},
  journal={Journal of Finance},
  year={2011},
  volume={},
  pages={},
  doi={}
}

@article{berkman2011time,
  title={Time-Varying Rare Disaster Risk and Stock Returns},
  author={Berkman, Henk and Jacobsen, Ben and Lee, John},
  journal={Journal of Financial Economics},
  year={2011},
  volume={101},
  number={2},
  pages={313--332},
  doi={}
}

@article{kelly2014tail,
  title={Tail Risk and Asset Prices},
  author={Kelly, Bryan and Jiang, Hao},
  journal={Review of Financial Studies},
  year={2014},
  volume={},
  pages={},
  doi={}
}

@article{chabiyoruenziweigert2018crash,
  title={Crash Sensitivity and the Cross-Section of Expected Stock Returns},
  author={Chabi-Yo, Fousseni and Ruenzi, Stefan and Weigert, Florian},
  journal={Journal of Financial and Quantitative Analysis},
  year={2018},
  volume={},
  pages={},
  doi={}
}

@article{nakamura2013crises,
  title={Crises and Recoveries in an Empirical Model of Consumption Disasters},
  author={Nakamura, Emi and Steinsson, J{\'o}n and Barro, Robert and Urs{\'u}a, Jos{\'e}},
  journal={American Economic Journal: Macroeconomics},
  year={2013},
  volume={5},
  number={3},
  pages={35--74},
  doi={10.1257/mac.5.3.35}
}

@article{barro2021rare,
  title={Rare Disaster Probability and Options Pricing},
  author={Barro, Robert J. and Liao, Gordon Y.},
  journal={Journal of Financial Economics},
  year={2021},
  volume={139},
  number={3},
  pages={750--769},
  doi={}
}

@article{rebelo2022rare,
  title={Rare Disasters, Financial Development, and Sovereign Debt},
  author={Rebelo, Sergio and Wang, Neng and Yang, Jinqiang},
  journal={Journal of Finance},
  year={2022},
  volume={},
  pages={},
  doi={}
}

@article{chen2022global,
  title={Global Disaster Risk Matters},
  author={Chen, Jian and Yao, Jiaquan and Zhang, Qunzi and Zhu, Xiaoneng},
  journal={Management Science},
  year={2022},
  volume={},
  pages={},
  doi={}
}


% From lit-04-investing-ai.txt
@article{babina2024artificial,
  author = {Babina, Tania and Fedyk, Anastassia and He, Alex and Hodson, James},
  title = {Artificial intelligence, firm growth, and product innovation},
  journal = {Journal of Financial Economics},
  year = {2024},
  volume = {151},
  pages = {103745},
  doi = {10.1016/j.jfineco.2024.103745}
}

@article{cao2024man,
  author = {Cao, Sean and Jiang, Wei and Wang, Junbo and Yang, Baozhong},
  title = {From Man vs. Machine to Man + Machine: The art and AI of stock analyses},
  journal = {Journal of Financial Economics},
  year = {2024},
  volume = {160},
  doi = {10.1016/j.jfineco.2024.103910}
}

@article{gofman2024artificial,
  author = {Gofman, Michael and Jin, Zhao},
  title = {Artificial Intelligence, Education, and Entrepreneurship},
  journal = {Journal of Finance},
  year = {2024},
  volume = {79},
  number = {1},
  pages = {631--667}
}

@article{vanbinsbergen2023man,
  author = {van Binsbergen, Jules H. and Han, Xiao and Lopez-Lira, Alejandro},
  title = {Man versus Machine Learning: The Term Structure of Earnings Expectations and Conditional Biases},
  journal = {Review of Financial Studies},
  year = {2023},
  volume = {36},
  number = {6},
  pages = {2361--2396}
}

@article{gu2020empirical,
  author = {Gu, Shihao and Kelly, Bryan and Xiu, Dacheng},
  title = {Empirical Asset Pricing via Machine Learning},
  journal = {Review of Financial Studies},
  year = {2020},
  volume = {33},
  number = {5},
  pages = {2223--2273}
}

@article{mclemore2022active,
  author = {McLemore, Ping and Sias, Richard and Wan, Chi and Yüksel, H. Zafer},
  title = {Active Technological Similarity and Mutual Fund Performance},
  journal = {Journal of Financial and Quantitative Analysis},
  year = {2022},
  volume = {57},
  number = {5},
  pages = {1862--1884}
}

@article{ofek2003dotcom,
  author = {Ofek, Eli and Richardson, Matthew},
  title = {DotCom Mania: The Rise and Fall of Internet Stock Prices},
  journal = {Journal of Finance},
  year = {2003},
  volume = {58},
  number = {3},
  pages = {1113--1137}
}

@article{hong2006asset,
  author = {Hong, Harrison and Scheinkman, José and Xiong, Wei},
  title = {Asset Float and Speculative Bubbles},
  journal = {Journal of Finance},
  year = {2006},
  volume = {61},
  number = {3},
  pages = {1073--1117}
}

@article{greenwood2009inexperienced,
  author = {Greenwood, Robin and Nagel, Stefan},
  title = {Inexperienced Investors and Bubbles},
  journal = {Journal of Financial Economics},
  year = {2009},
  volume = {93},
  number = {2},
  pages = {239--258}
}

@article{griffin2011who,
  author = {Griffin, John M. and Harris, Jeffrey H. and Shu, Tao and Topaloglu, Selim},
  title = {Who Drove and Burst the Tech Bubble?},
  journal = {Journal of Finance},
  year = {2011},
  volume = {66},
  number = {4},
  pages = {1251--1290},
  doi = {10.1111/j.1540-6261.2011.01663.x}
}
